
@electronic{businessRequirement,
  TITLE         = "Business Requirements",
  URL           = "https://www.educative.io/answers/what-are-business-requirements",
  YEAR          = "2023",
}

@electronic{UMLdiagram,
    TITLE = "Class diagram --- {Wikipedia}{,} The Free Encyclopedia",
    YEAR = "2023",
    URL = "https://en.wikipedia.org/w/index.php?title=Class_diagram&oldid=1137357004",
}

@electronic{openCVReport,
    TITLE = "OpenCV Project Report by Delft Students",
    YEAR = "2020",
    URL = "https://delftswa.gitbooks.io/desosa2016/content/opencv/Chapter.html",
}

@electronic{OGB,
  TITLE         = "Modular Strucure",
  URL           = "https://delftswa.gitbooks.io/desosa2016/content/opencv/Chapter.html",
  YEAR          = "2020",
}

@electronic{qualityattributes,
  TITLE         = "Quality Attributes Requirements",
  URL           = "https://medium.com/@nvashanin/quality-attributes-in-software-architecture-3844ea482732",
  YEAR          = "2018",
}

@electronic{UNB,
  TITLE         = "Software Architecture - 4+1 View Model",
  URL           = "https://www.cs.unb.ca/~wdu/cs6075w10/sa2.htm",
  YEAR          = "2010",
}


@electronic{sampleArch,
  TITLE         = "Modular Architecture",
  URL           = "https://www.ecs.csun.edu/~rlingard/COMP684/Example2SoftArch.htm",
  YEAR          = "2001",
}

@electronic{OCV,
  title         = "Open CV",
  url           = "https://opencv.org/",
  year          = "2000",
}

@software{lucidchart,
  author = {{Lucid Software Inc.}},
  title = {Lucid Chart},
  url = {https://www.lucidchart.com/pages/},
  date = {2023-02-19},
}

@software{drawio,
  author = {{JGraph Ltd}},
  title = {draw io},
  url = {https://www.drawio.com},
  year = {2005-2023},
}

@software{smartdraw,
  author = {{SmartDraw, LLC}},
  title = {Smartdraw Tool},
  url = {https://www.smartdraw.com},
  year = {1994-2023},
}

@article{9103956,
  author={Sigut, Jose and Castro, Miguel and Arnay, Rafael and Sigut, Marta},
  journal={IEEE Transactions on Education}, 
  title={OpenCV Basics: A Mobile Application to Support the Teaching of Computer Vision Concepts}, 
  year={2020},
  volume={63},
  number={4},
  pages={328-335},
  doi={10.1109/TE.2020.2993013}
}

@article{6896208,
  author={Chen, Kaili and Wang, Meiling},
  booktitle={Proceedings of the 33rd Chinese Control Conference}, 
  title={Image stitching algorithm research based on OpenCV}, 
  year={2014},
  volume={},
  number={},
  pages={7292-7297},
  doi={10.1109/ChiCC.2014.6896208}
}

@article{6240859,
  author={Culjak, Ivan and Abram, David and Pribanic, Tomislav and Dzapo, Hrvoje and Cifrek, Mario},
  booktitle={2012 Proceedings of the 35th International Convention MIPRO}, 
  title={A brief introduction to OpenCV}, 
  year={2012},
  volume={},
  number={},
  pages={1725-1730},
  doi={}
}

@article{888718,
  author={Zhang, Z.},
  journal={IEEE Transactions on Pattern Analysis and Machine Intelligence}, 
  title={A flexible new technique for camera calibration}, 
  year={2000},
  volume={22},
  number={11},
  pages={1330-1334},
  doi={10.1109/34.888718}
}

@article{8097324,
  author={Botan, Renan and Coco, Klaus Fabian and Komati, Karin Satie},
  booktitle={2017 30th SIBGRAPI Conference on Graphics, Patterns and Images (SIBGRAPI)}, 
  title={Implementation of an Image Stitching Algorithm to a Low-Cost Digital Microscope}, 
  year={2017},
  volume={},
  number={},
  pages={285-291},
  doi={10.1109/SIBGRAPI.2017.44}
}